@misc{aspNETGitHub,
	howpublished = {\url{https://github.com/dotnet/aspnetcore}},
	note = {posjećeno 14.8.2023.},
}
@misc{oneToMany,
	author = "{Microsoft Corporation}",
	title = {{Microsoft Documentation - One-to-many relationships}},
	howpublished = {\url{https://learn.microsoft.com/en-us/ef/core/modeling/relationships/one-to-many}},
	note = {posjećeno 12.6.2023.},
}
@misc{cSharp,
	author = "{Microsoft Corporation}",
	title = {{Microsoft Documentation - C# introduction}},
	howpublished = {\url{https://learn.microsoft.com/en-us/dotnet/csharp/tour-of-csharp/}},
	note = {posjećeno 12.6.2023.},
}
@misc{aspNetCoreAuthentication,
	author = "{Microsoft Corporation}",
	title = {{Microsoft Documentation - ASP.NET Core Authentication}},
	howpublished = {\url{https://learn.microsoft.com/en-us/dotnet/api/microsoft.aspnetcore.authentication?view=aspnetcore-6.0}},
	note = {posjećeno 14.8.2023.},
}
@misc{nuGet,
	author = "{Microsoft Corporation}",
	title = {{Microsoft Documentation - NuGet introduction}},
	howpublished = {\url{https://learn.microsoft.com/hr-hr/nuget/what-is-nuget}},
	note = {posjećeno 14.8.2023.},
}
@misc{nTierGitHub,
	author = "{Grigoras Alexandru}",
	title = {{N-Tier-Architecture}},
	howpublished = {\url{https://github.com/nuyonu/N-Tier-Architecture}},
	note = {posjećeno 28.3.2023.},
}
@misc{nTierBaeldung,
	author = "{Tarnum Java SRL}",
	title = {{Baeldung - N-Tier Architecture}},
	howpublished = {\url{https://www.baeldung.com/cs/n-tier-architecture}},
	note = {posjećeno 5.4.2023.},
}
@misc{nTierMicrosoft,
	author = "{Microsoft Corporation}",
	title = {{Microsoft Documentation - N-Tier Architecture}},
	howpublished = {\url{https://learn.microsoft.com/en-us/azure/architecture/guide/architecture-styles/n-tier}},
	note = {posjećeno 5.4.2023.},
}
@misc{scaffoldIdentity,
	author = "{Microsoft Corporation}",
	title = {{Microsoft Documentation - Scaffold Identity}},
	howpublished = {\url{https://learn.microsoft.com/en-us/aspnet/core/security/authentication/scaffold-identity?view=aspnetcore-6.0&tabs=visual-studio}},
	note = {posjećeno 12.6.2023.},
}
@misc{containerToolsDocker,
	author = "{Microsoft Corporation}",
	title = {{Microsoft Documentation - Container Tools For Docker}},
	howpublished = {\url{https://learn.microsoft.com/en-us/visualstudio/containers/overview}},
	note = {posjećeno 12.6.2023.},
}
@misc{multiContainerDocker,
	author = "{Microsoft Corporation}",
	title = {{Microsoft Documentation - Multi-container app with Docker Compose}},
	howpublished = {\url{https://learn.microsoft.com/en-us/visualstudio/containers/tutorial-multicontainer}},
	note = {posjećeno 12.6.2023.},
}

@misc{bogus1,
	author = "{Brian Chavez}",
	title = {{GitHub Repository - Bogus}},
	howpublished = {\url{https://github.com/bchavez/Bogus}},
	note = {posjećeno 12.6.2023.},
}
@misc{linq,
	author = "{Microsoft Corporation}",
	title = {{Microsoft Documentation - LINQ}},
	howpublished = {\url{https://learn.microsoft.com/en-us/dotnet/csharp/linq/}},
	note = {posjećeno 12.6.2023.},
}
